@book{lamport1994latex,
  author    = {Leslie Lamport},
  title     = {LATEX: A Document Preparation System: User's Guide and Reference Manual},
  year      = {1994},
  publisher = {Addison-Wesley}
}

